<?xml version="1.0" encoding="UTF-8"?>
<record xmlns="http://www.loc.gov/MARC21/slim" xmlns:zs="http://docs.oasis-open.org/ns/search-ws/sruResponse">
 <leader>
  04336cpcaa22005897a 4500
 </leader>
 <controlfield tag="001">
  14924324
 </controlfield>
 <controlfield tag="005">
  20160426170318.0
 </controlfield>
 <controlfield tag="008">
  070711i19932006xxu                 eng
 </controlfield>
 <datafield ind1=" " ind2=" " tag="906">
  <subfield code="a">
   7
  </subfield>
  <subfield code="b">
   cbc
  </subfield>
  <subfield code="c">
   orignew
  </subfield>
  <subfield code="d">
   u
  </subfield>
  <subfield code="e">
   ncip
  </subfield>
  <subfield code="f">
   20
  </subfield>
  <subfield code="g">
   y-folklife
  </subfield>
 </datafield>
 <datafield ind1=" " ind2=" " tag="955">
  <subfield code="a">
   mkru 2007-07-11;
  </subfield>
  <subfield code="a">
   mseg 2013-01-07
  </subfield>
  <subfield code="a">
   mkru 2016-04-26
  </subfield>
 </datafield>
 <datafield ind1=" " ind2=" " tag="010">
  <subfield code="a">
   2007700232
  </subfield>
 </datafield>
 <datafield ind1=" " ind2=" " tag="040">
  <subfield code="a">
   DLC
  </subfield>
  <subfield code="c">
   DLC
  </subfield>
  <subfield code="e">
   dacs
  </subfield>
  <subfield code="d">
   DLC
  </subfield>
 </datafield>
 <datafield ind1=" " ind2=" " tag="043">
  <subfield code="a">
   n-us-md
  </subfield>
 </datafield>
 <datafield ind1=" " ind2=" " tag="090">
  <subfield code="a">
   VAP 0967-0969
  </subfield>
 </datafield>
 <datafield ind1=" " ind2=" " tag="090">
  <subfield code="a">
   AFC 2006/005
  </subfield>
 </datafield>
 <datafield ind1="0" ind2="0" tag="245">
  <subfield code="a">
   Mary Sheppard Burton collection,
  </subfield>
  <subfield code="f">
   1993-2006.
  </subfield>
 </datafield>
 <datafield ind1=" " ind2=" " tag="300">
  <subfield code="a">
   12 hooked rugs :
  </subfield>
  <subfield code="b">
   hand-dyed wool on 12-thread count linen ;
  </subfield>
  <subfield code="c">
   circa 45 x 69 in. and smaller.
  </subfield>
 </datafield>
 <datafield ind1=" " ind2=" " tag="300">
  <subfield code="a">
   3 videocassettes of 3 (VHS) :
  </subfield>
  <subfield code="b">
   sound, color ;
  </subfield>
  <subfield code="c">
   1/2 in.
  </subfield>
 </datafield>
 <datafield ind1=" " ind2=" " tag="300">
  <subfield code="a">
   25 photographs :
  </subfield>
  <subfield code="b">
   photographic prints, negatives, color ;
  </subfield>
  <subfield code="c">
   4 x 6 in.
  </subfield>
 </datafield>
 <datafield ind1=" " ind2=" " tag="300">
  <subfield code="a">
   1 pamphlet (12 p.)
  </subfield>
 </datafield>
 <datafield ind1=" " ind2=" " tag="520">
  <subfield code="a">
   Collection consists of 12 hooked rugs by the noted rug hooking artist, Mary Sheppard Burton, plus related materials. The rugs were created between 1993 and 2005. They depict stories told by identified family members as part of a series titled "Tell me 'bout."  The collection includes a pamphlet "Footsteps on history, tell me 'bout series: family portraits," by Mary Sheppard Burton, which tells the family stories depicted in the first ten rugs in the series. The subjects of the rugs are rural life and historical events experienced by family members, and they include scenes of the Chesapeake Bay and surrounding region of Maryland.  Also included are videotaped interviews with Burton, conducted by Carl Lindahl and Theadocia Austen at Burton's home, circa 2001; and color photographs of the artist and American Folklife Center director Peggy A. Bulger taken by David A. Taylor in 2006.
  </subfield>
 </datafield>
 <datafield ind1=" " ind2=" " tag="530">
  <subfield code="a">
   This collection of hooked rugs is available to view online.  The online presentation, titled The Mary Sheppard Burton Collection, includes the essays written by Mary Sheppard Burton about eleven of the rugs in this series.
  </subfield>
 </datafield>
 <datafield ind1=" " ind2=" " tag="524">
  <subfield code="a">
   Mary Sheppard Burton Collection (AFC 2006/005), Archive of Folk Culture, American Folklife Center, Library of Congress, Washington, D.C.
  </subfield>
 </datafield>
 <datafield ind1="1" ind2=" " tag="506">
  <subfield code="a">
   Collection is open for research. Access restrictions apply; some or all content stored offsite. To request materials, please contact the Folklife Reading Room at
  </subfield>
  <subfield code="u">
   http://hdl.loc.gov/loc.afc/folklife.contact
  </subfield>
 </datafield>
 <datafield ind1=" " ind2=" " tag="540">
  <subfield code="a">
   The collection materials are governed by copyright and other restrictions.
  </subfield>
 </datafield>
 <datafield ind1=" " ind2=" " tag="541">
  <subfield code="a">
   Mary Sheppard Burton;
  </subfield>
  <subfield code="d">
   2006.
  </subfield>
 </datafield>
 <datafield ind1=" " ind2=" " tag="545">
  <subfield code="a">
   Mary Sheppard Burton was born in Salisbury, Maryland in 1922. She was a textile artist and a teacher of design and techniques of rug hooking, who researched hand dyeing of textiles and color retention of dyes. She authored two books on standards for hooked rugs, Judging by Merit (1977) and Educational Standards (1984), and was co-author of a book on creativity in textile arts, A Passion for the Creative Life: Textiles to Lift the Spirit, with Mary Ellen Cooper (Germantown, Md.: Sign of the Hook Books, 2002). She died on July 1, 2010.
  </subfield>
 </datafield>
 <datafield ind1="0" ind2=" " tag="555">
  <subfield code="a">
   Finding aid is available online
  </subfield>
  <subfield code="u">
   http://hdl.loc.gov/loc.afc/eadafc.af010001
  </subfield>
 </datafield>
 <datafield ind1="1" ind2="0" tag="600">
  <subfield code="a">
   Burton, Mary Sheppard
  </subfield>
  <subfield code="v">
   Interviews.
  </subfield>
 </datafield>
 <datafield ind1=" " ind2="0" tag="650">
  <subfield code="a">
   Rugs, Hooked
  </subfield>
  <subfield code="z">
   Maryland.
  </subfield>
 </datafield>
 <datafield ind1=" " ind2="0" tag="650">
  <subfield code="a">
   Pictorial rugs
  </subfield>
  <subfield code="z">
   Chesapeake Bay Region (Md. and Va.)
  </subfield>
 </datafield>
 <datafield ind1=" " ind2="0" tag="650">
  <subfield code="a">
   Narrative art, American
  </subfield>
  <subfield code="z">
   Chesapeake Bay Region (Md. and Va.)
  </subfield>
 </datafield>
 <datafield ind1=" " ind2="0" tag="650">
  <subfield code="a">
   Textile artists
  </subfield>
  <subfield code="z">
   Maryland
  </subfield>
  <subfield code="v">
   Interviews.
  </subfield>
 </datafield>
 <datafield ind1=" " ind2="0" tag="650">
  <subfield code="a">
   Families in art.
  </subfield>
 </datafield>
 <datafield ind1=" " ind2="0" tag="650">
  <subfield code="a">
   Storytelling in art.
  </subfield>
 </datafield>
 <datafield ind1=" " ind2="0" tag="651">
  <subfield code="a">
   Germantown (Montgomery County, Md.)
  </subfield>
 </datafield>
 <datafield ind1=" " ind2="7" tag="655">
  <subfield code="a">
   Pictorial rugs.
  </subfield>
  <subfield code="2">
   aat
  </subfield>
 </datafield>
 <datafield ind1=" " ind2="7" tag="655">
  <subfield code="a">
   Interviews (Sound recordings).
  </subfield>
  <subfield code="2">
   lcgft
  </subfield>
 </datafield>
 <datafield ind1=" " ind2="7" tag="655">
  <subfield code="a">
   Videocassettes.
  </subfield>
  <subfield code="2">
   aat
  </subfield>
 </datafield>
 <datafield ind1="1" ind2=" " tag="700">
  <subfield code="a">
   Burton, Mary Sheppard.
  </subfield>
 </datafield>
 <datafield ind1="1" ind2=" " tag="700">
  <subfield code="a">
   Lindahl, Carl,
  </subfield>
  <subfield code="d">
   1947-
  </subfield>
  <subfield code="e">
   interviewer.
  </subfield>
 </datafield>
 <datafield ind1="1" ind2=" " tag="700">
  <subfield code="a">
   Austen, Theadocia Millich,
  </subfield>
  <subfield code="e">
   interviewer.
  </subfield>
 </datafield>
 <datafield ind1="2" ind2=" " tag="710">
  <subfield code="a">
   Archive of Folk Culture (Library of Congress)
  </subfield>
 </datafield>
 <datafield ind1="2" ind2=" " tag="710">
  <subfield code="a">
   American Folklife Center.
  </subfield>
 </datafield>
 <datafield ind1="0" ind2="2" tag="740">
  <subfield code="a">
   Footsteps on history, tell me 'bout series.
  </subfield>
 </datafield>
 <datafield ind1="0" ind2="2" tag="740">
  <subfield code="a">
   Tell me 'bout series.
  </subfield>
 </datafield>
 <datafield ind1="0" ind2="2" tag="740">
  <subfield code="a">
   Family portraits.
  </subfield>
 </datafield>
 <datafield ind1=" " ind2=" " tag="852">
  <subfield code="a">
   Library of Congress
  </subfield>
  <subfield code="b">
   Archive of Folk Culture, American Folklife Center,
  </subfield>
  <subfield code="e">
   101 Independence Ave. S.E., Washington, DC USA 20540-4610
  </subfield>
 </datafield>
 <datafield ind1="4" ind2="2" tag="856">
  <subfield code="3">
   Online presentation
  </subfield>
  <subfield code="u">
   http://www.loc.gov/folklife/msburton/
  </subfield>
 </datafield>
 <datafield ind1="4" ind2="2" tag="856">
  <subfield code="3">
   Finding aid
  </subfield>
  <subfield code="u">
   http://hdl.loc.gov/loc.afc/eadafc.af010001
  </subfield>
 </datafield>
 <datafield ind1=" " ind2=" " tag="985">
  <subfield code="a">
   afc/ead
  </subfield>
 </datafield>
 <datafield ind1=" " ind2=" " tag="985">
  <subfield code="a">
   afc/coll
  </subfield>
 </datafield>
</record>
